<record><leader>00000cas a22000007a 4500</leader><controlfield tag="001">36172889</controlfield><controlfield tag="008">970108d191u191uokuuu n       0    0eng d</controlfield><datafield ind1=" " ind2=" " tag="010"><subfield code="a">sn 97064707 </subfield></datafield><datafield ind1=" " ind2=" " tag="040"><subfield code="a">OBN</subfield><subfield code="b">eng</subfield><subfield code="c">OBN</subfield><subfield code="d">OCLCQ</subfield><subfield code="d">OCLCF</subfield><subfield code="d">OCLCO</subfield></datafield><datafield ind1="1" ind2=" " tag="029"><subfield code="a">AU@</subfield><subfield code="b">000013023833</subfield></datafield><datafield ind1=" " ind2=" " tag="042"><subfield code="a">msc</subfield></datafield><datafield ind1=" " ind2=" " tag="043"><subfield code="a">n-us-ok</subfield></datafield><datafield ind1="0" ind2="4" tag="245"><subfield code="a">The Chelsea reporter and the Chelsea herald.</subfield></datafield><datafield ind1=" " ind2=" " tag="260"><subfield code="a">Chelsea, Rogers County, Okla. :</subfield><subfield code="b">[s.n.]</subfield></datafield><datafield ind1=" " ind2=" " tag="300"><subfield code="a">v.</subfield></datafield><datafield ind1=" " ind2=" " tag="588"><subfield code="a">Description based on: Vol. 23, no. 42 (Mar. 13, 1919).</subfield></datafield><datafield ind1=" " ind2="0" tag="651"><subfield code="a">Chelsea (Okla.)</subfield><subfield code="v">Newspapers.</subfield></datafield><datafield ind1=" " ind2="0" tag="651"><subfield code="a">Rogers County (Okla.)</subfield><subfield code="v">Newspapers.</subfield></datafield><datafield ind1=" " ind2="7" tag="655"><subfield code="a">Newspapers.</subfield><subfield code="2">fast</subfield><subfield code="0">(OCoLC)fst01423814</subfield></datafield><datafield ind1=" " ind2="7" tag="651"><subfield code="a">Oklahoma</subfield><subfield code="z">Chelsea.</subfield><subfield code="2">fast</subfield><subfield code="0">(OCoLC)fst01222335</subfield></datafield><datafield ind1=" " ind2="7" tag="651"><subfield code="a">Oklahoma</subfield><subfield code="z">Rogers County.</subfield><subfield code="2">fast</subfield><subfield code="0">(OCoLC)fst01221452</subfield></datafield><datafield ind1=" " ind2=" " tag="752"><subfield code="a">United States</subfield><subfield code="b">Oklahoma</subfield><subfield code="c">Rogers</subfield><subfield code="d">Chelsea.</subfield></datafield><datafield ind1="0" ind2="4" tag="780"><subfield code="t">Chelsea herald</subfield></datafield><datafield ind1="0" ind2="4" tag="780"><subfield code="t">Chelsea reporter (Chelsea, Okla. : 1905)</subfield><subfield code="w">(DLC)sn 96093149</subfield><subfield code="w">(OCoLC)35871409</subfield></datafield><datafield ind1="0" ind2="0" tag="785"><subfield code="t">Chelsea reporter (Chelsea, Okla. : 1927)</subfield><subfield code="w">(DLC)sn 97054709</subfield><subfield code="w">(OCoLC)36172923</subfield></datafield></record>